# Add paper referencees using bibtex format. This is a useful tool where
# you can insert the paper's DOI number and get the bibtex:
#
#	http://www.doi2bib.org/#/doi/10.1128/aem.01541-09
#

@article{Schloss2009,
  doi = {10.1128/aem.01541-09},
  url = {http://dx.doi.org/10.1128/AEM.01541-09},
  year  = {2009},
  month = {oct},
  publisher = {American Society for Microbiology},
  volume = {75},
  number = {23},
  pages = {7537--7541},
  author = {P. D. Schloss and S. L. Westcott and T. Ryabin and J. R. Hall and M. Hartmann and E. B. Hollister and R. A. Lesniewski and B. B. Oakley and D. H. Parks and C. J. Robinson and J. W. Sahl and B. Stres and G. G. Thallinger and D. J. Van Horn and C. F. Weber},
  title = {Introducing mothur: Open-Source,  Platform-Independent,  Community-Supported Software for Describing and Comparing Microbial Communities},
  journal = {Applied and Environmental Microbiology}
}

@article{normalization_sze2017,
  doi = {10.1186/s40168-017-0366-3},
  url = {https://doi.org/10.1186/s40168-017-0366-3},
  year  = {2017},
  month = {nov},
  publisher = {Springer Nature},
  volume = {5},
  number = {1},
  author = {Marc A. Sze and Nielson T. Baxter and Mack T. Ruffin and Mary A. M. Rogers and Patrick D. Schloss},
  title = {Normalization of the microbiota in patients after treatment for colonic lesions},
  journal = {Microbiome}
}

@article{crc_model_baxter2016,
  doi = {10.1186/s13073-016-0290-3},
  url = {https://doi.org/10.1186/s13073-016-0290-3},
  year  = {2016},
  month = {apr},
  publisher = {Springer Nature},
  volume = {8},
  number = {1},
  author = {Nielson T. Baxter and Mack T. Ruffin and Mary A. M. Rogers and Patrick D. Schloss},
  title = {Microbiota-based model improves the sensitivity of fecal immunochemical test for detecting colonic lesions},
  journal = {Genome Medicine}
}

@article{scfa_measures_venkataraman2016,
  doi = {10.1186/s40168-016-0178-x},
  url = {https://doi.org/10.1186/s40168-016-0178-x},
  year  = {2016},
  month = {jun},
  publisher = {Springer Nature},
  volume = {4},
  number = {1},
  author = {A. Venkataraman and J. R. Sieber and A. W. Schmidt and C. Waldron and K. R. Theis and T. M. Schmidt},
  title = {Variable responses of human microbiomes to dietary supplementation with resistant starch},
  journal = {Microbiome}
}

@article{Kozich2013,
  doi = {10.1128/aem.01043-13},
  url = {https://doi.org/10.1128/aem.01043-13},
  year  = {2013},
  month = {jun},
  publisher = {American Society for Microbiology},
  volume = {79},
  number = {17},
  pages = {5112--5120},
  author = {James J. Kozich and Sarah L. Westcott and Nielson T. Baxter and Sarah K. Highlander and Patrick D. Schloss},
  title = {Development of a Dual-Index Sequencing Strategy and Curation Pipeline for Analyzing Amplicon Sequence Data on the {MiSeq} Illumina Sequencing Platform},
  journal = {Applied and Environmental Microbiology}
}

@article{opticlust_westcott2017,
  doi = {10.1128/mspheredirect.00073-17},
  url = {https://doi.org/10.1128/mspheredirect.00073-17},
  year  = {2017},
  month = {mar},
  publisher = {American Society for Microbiology},
  volume = {2},
  number = {2},
  pages = {e00073--17},
  author = {Sarah L. Westcott and Patrick D. Schloss},
  editor = {Katherine McMahon},
  title = {{OptiClust},  an Improved Method for Assigning Amplicon-Based Sequence Data to Operational Taxonomic Units},
  journal = {{mSphere}}
}

@article{Langille2013,
  doi = {10.1038/nbt.2676},
  url = {https://doi.org/10.1038/nbt.2676},
  year  = {2013},
  month = {aug},
  publisher = {Springer Nature},
  volume = {31},
  number = {9},
  pages = {814--821},
  author = {Morgan G I Langille and Jesse Zaneveld and J Gregory Caporaso and Daniel McDonald and Dan Knights and Joshua A Reyes and Jose C Clemente and Deron E Burkepile and Rebecca L Vega Thurber and Rob Knight and Robert G Beiko and Curtis Huttenhower},
  title = {Predictive functional profiling of microbial communities using 16S {rRNA} marker gene sequences},
  journal = {Nature Biotechnology}
}

@article{Hannigan2017,
  doi = {10.1101/152868},
  url = {https://doi.org/10.1101/152868},
  year  = {2017},
  month = {jun},
  publisher = {Cold Spring Harbor Laboratory},
  author = {Geoffrey D. Hannigan and Melissa B. Duhaime and Mack T. Ruffin and Charlie C. Koumpouras and Patrick D. Schloss},
  title = {Diagnostic Potential {\&} the Interactive Dynamics of the Colorectal Cancer Virome}
}

@article{Steinegger2017,
  doi = {10.1038/nbt.3988},
  url = {https://doi.org/10.1038/nbt.3988},
  year  = {2017},
  month = {oct},
  publisher = {Springer Nature},
  author = {Martin Steinegger and Johannes S\"{o}ding},
  title = {{MMseqs}2 enables sensitive protein sequence searching for the analysis of massive data sets},
  journal = {Nature Biotechnology}
}

@article{Li2015,
  doi = {10.1093/bioinformatics/btv033},
  url = {https://doi.org/10.1093/bioinformatics/btv033},
  year  = {2015},
  month = {jan},
  publisher = {Oxford University Press ({OUP})},
  volume = {31},
  number = {10},
  pages = {1674--1676},
  author = {Dinghua Li and Chi-Man Liu and Ruibang Luo and Kunihiko Sadakane and Tak-Wah Lam},
  title = {{MEGAHIT}: an ultra-fast single-node solution for large and complex metagenomics assembly via succinct de Bruijn graph},
  journal = {Bioinformatics}
}

@article{Hyatt2010,
  doi = {10.1186/1471-2105-11-119},
  url = {https://doi.org/10.1186/1471-2105-11-119},
  year  = {2010},
  publisher = {Springer Nature},
  volume = {11},
  number = {1},
  pages = {119},
  author = {Doug Hyatt and Gwo-Liang Chen and Philip F LoCascio and Miriam L Land and Frank W Larimer and Loren J Hauser},
  title = {Prodigal: prokaryotic gene recognition and translation initiation site identification},
  journal = {{BMC} Bioinformatics}
}

@article{Buchfink2014,
  doi = {10.1038/nmeth.3176},
  url = {https://doi.org/10.1038/nmeth.3176},
  year  = {2014},
  month = {nov},
  publisher = {Springer Nature},
  volume = {12},
  number = {1},
  pages = {59--60},
  author = {Benjamin Buchfink and Chao Xie and Daniel H Huson},
  title = {Fast and sensitive protein alignment using {DIAMOND}},
  journal = {Nature Methods}
}

@article{Kanehisa2015,
  doi = {10.1093/nar/gkv1070},
  url = {https://doi.org/10.1093/nar/gkv1070},
  year  = {2015},
  month = {oct},
  publisher = {Oxford University Press ({OUP})},
  volume = {44},
  number = {D1},
  pages = {D457--D462},
  author = {Minoru Kanehisa and Yoko Sato and Masayuki Kawashima and Miho Furumichi and Mao Tanabe},
  title = {{KEGG} as a reference resource for gene and protein annotation},
  journal = {Nucleic Acids Research}
}

@article{scfa_baxter2014,
  doi = {10.1186/2049-2618-2-20},
  url = {https://doi.org/10.1186/2049-2618-2-20},
  year  = {2014},
  publisher = {Springer Nature},
  volume = {2},
  number = {1},
  pages = {20},
  author = {Nielson T Baxter and Joseph P Zackular and Grace Y Chen and Patrick D Schloss},
  title = {Structure of the gut microbiome following colonization with human feces determines colonic tumor burden},
  journal = {Microbiome}
}

@Manual{r_citation_2017,
    title = {R: A Language and Environment for Statistical Computing},
    author = {{R Core Team}},
    organization = {R Foundation for Statistical Computing},
    address = {Vienna, Austria},
    year = {2017},
    url = {https://www.R-project.org/},
}
  
@Article{randomforest_citation_2002,
    title = {Classification and Regression by randomForest},
    author = {Andy Liaw and Matthew Wiener},
    journal = {R News},
    year = {2002},
    volume = {2},
    number = {3},
    pages = {18-22},
    url = {http://CRAN.R-project.org/doc/Rnews/},
}

@article{benjamini_controlling_1995,
	title = {Controlling the false discovery rate: a practical and powerful approach to multiple testing},
	volume = {57},
	number = {1},
	journal = {Journal of the Royal Statistical Society. Series B (Methodological)},
	author = {Benjamini, Yoav and Hochberg, Yosef},
	year = {1995},
	pages = {289--300}
}

@article{Holscher2017,
  doi = {10.1080/19490976.2017.1290756},
  url = {https://doi.org/10.1080/19490976.2017.1290756},
  year  = {2017},
  month = {feb},
  publisher = {Informa {UK} Limited},
  volume = {8},
  number = {2},
  pages = {172--184},
  author = {Hannah D. Holscher},
  title = {Dietary fiber and prebiotics and the gastrointestinal microbiota},
  journal = {Gut Microbes}
}

@article{test_OKeefe2016,
  doi = {10.1038/nrgastro.2016.165},
  url = {https://doi.org/10.1038/nrgastro.2016.165},
  year  = {2016},
  month = {nov},
  publisher = {Springer Nature},
  volume = {13},
  number = {12},
  pages = {691--706},
  author = {Stephen J. D. O'Keefe},
  title = {Diet,  microorganisms and their metabolites and colon cancer},
  journal = {Nature Reviews Gastroenterology {\&} Hepatology}
}


@article{Bishehsari2018,
  doi = {10.3390/genes9020102},
  url = {https://doi.org/10.3390/genes9020102},
  year  = {2018},
  month = {feb},
  publisher = {{MDPI} {AG}},
  volume = {9},
  number = {2},
  pages = {102},
  author = {Faraz Bishehsari and Phillip Engen and Nailliw Preite and Yunus Tuncil and Ankur Naqib and Maliha Shaikh and Marco Rossi and Sherry Wilber and Stefan Green and Bruce Hamaker and Khashayarsha Khazaie and Robin Voigt and Christopher Forsyth and Ali Keshavarzian},
  title = {Dietary Fiber Treatment Corrects the Composition of Gut Microbiota,  Promotes {SCFA} Production,  and Suppresses Colon Carcinogenesis},
  journal = {Genes}
}

@article{Encarnao2018,
  doi = {10.1016/j.jnutbio.2018.02.018},
  url = {https://doi.org/10.1016/j.jnutbio.2018.02.018},
  year  = {2018},
  month = {jun},
  publisher = {Elsevier {BV}},
  volume = {56},
  pages = {183--192},
  author = {Jo{\~{a}}o Crispim Encarna{\c{c}}{\~{a}}o and Ana Salom{\'{e}} Pires and Renata Alexandra Amaral and Telmo Jos{\'{e}} Gon{\c{c}}alves and Mafalda Laranjo and Jo{\~{a}}o Eduardo Casalta-Lopes and Ana Cristina Gon{\c{c}}alves and Ana Bela Sarmento-Ribeiro and Ana Margarida Abrantes and Maria Filomena Botelho},
  title = {Butyrate,  a dietary fiber derivative that improves irinotecan effect in colon cancer cells},
  journal = {The Journal of Nutritional Biochemistry}
}

@article{Ohigashi2013,
  doi = {10.1007/s10620-012-2526-4},
  url = {https://doi.org/10.1007/s10620-012-2526-4},
  year  = {2013},
  month = {jan},
  publisher = {Springer Nature},
  volume = {58},
  number = {6},
  pages = {1717--1726},
  author = {Seiji Ohigashi and Kazuki Sudo and Daiki Kobayashi and Osamu Takahashi and Takuya Takahashi and Takashi Asahara and Koji Nomoto and Hisashi Onodera},
  title = {Changes of the Intestinal Microbiota,  Short Chain Fatty Acids,  and Fecal {pH} in Patients with Colorectal Cancer},
  journal = {Digestive Diseases and Sciences}
}


@article{Yao2017,
  doi = {10.1002/14651858.cd003430.pub2},
  url = {https://doi.org/10.1002/14651858.cd003430.pub2},
  year  = {2017},
  month = {jan},
  publisher = {Wiley},
  author = {Yibo Yao and Tao Suo and Roland Andersson and Yongqing Cao and Chen Wang and Jingen Lu and Evelyne Chui},
  title = {Dietary fibre for the prevention of recurrent colorectal adenomas and carcinomas},
  journal = {Cochrane Database of Systematic Reviews}
}

@article{Schatzkin2000,
  doi = {10.1056/nejm200004203421601},
  url = {https://doi.org/10.1056/nejm200004203421601},
  year  = {2000},
  month = {apr},
  publisher = {New England Journal of Medicine ({NEJM}/{MMS})},
  volume = {342},
  number = {16},
  pages = {1149--1155},
  author = {Arthur Schatzkin and Elaine Lanza and Donald Corle and Peter Lance and Frank Iber and Bette Caan and Moshe Shike and Joel Weissfeld and Randall Burt and M. Robert Cooper and J. Walter Kikendall and Jack Cahill and Laurence Freedman and James Marshall and Robert E. Schoen and Martha Slattery},
  title = {Lack of Effect of a Low-Fat,  High-Fiber Diet on the Recurrence of Colorectal Adenomas},
  journal = {New England Journal of Medicine}
}

@article{Fearon1990,
  doi = {10.1016/0092-8674(90)90186-i},
  url = {https://doi.org/10.1016/0092-8674(90)90186-i},
  year  = {1990},
  month = {jun},
  publisher = {Elsevier {BV}},
  volume = {61},
  number = {5},
  pages = {759--767},
  author = {Eric R. Fearon and Bert Vogelstein},
  title = {A genetic model for colorectal tumorigenesis},
  journal = {Cell}
}

@article{Thomas2016,
  doi = {10.1080/17460441.2016.1227318},
  url = {https://doi.org/10.1080/17460441.2016.1227318},
  year  = {2016},
  month = {aug},
  publisher = {Informa {UK} Limited},
  volume = {11},
  number = {11},
  pages = {1061--1070},
  author = {Xavier Thomas and Maël Heiblig},
  title = {The development of agents targeting the {BCR}-{ABL} tyrosine kinase as Philadelphia chromosome-positive acute lymphoblastic leukemia treatment},
  journal = {Expert Opinion on Drug Discovery}
}

@article{meta_analysis_crc_Sze2018,
  doi = {10.1101/285486},
  url = {https://doi.org/10.1101/285486},
  year  = {2018},
  month = {mar},
  publisher = {Cold Spring Harbor Laboratory},
  author = {Marc A Sze and Patrick D Schloss},
  title = {Leveraging Existing 16S {rRNA} Gene Surveys to Identify Reproducible Biomarkers in Individuals with Colorectal Tumors}
}

@article{normalization_Sze2017,
  doi = {10.1186/s40168-017-0366-3},
  url = {https://doi.org/10.1186/s40168-017-0366-3},
  year  = {2017},
  month = {nov},
  publisher = {Springer Nature},
  volume = {5},
  number = {1},
  author = {Marc A. Sze and Nielson T. Baxter and Mack T. Ruffin and Mary A. M. Rogers and Patrick D. Schloss},
  title = {Normalization of the microbiota in patients after treatment for colonic lesions},
  journal = {Microbiome}
}

@article{Shah2017,
  doi = {10.1136/gutjnl-2016-313189},
  url = {https://doi.org/10.1136/gutjnl-2016-313189},
  year  = {2017},
  month = {mar},
  publisher = {{BMJ}},
  volume = {67},
  number = {5},
  pages = {882--891},
  author = {Manasi S Shah and Todd Z DeSantis and Thomas Weinmaier and Paul J McMurdie and Julia L Cope and Adam Altrichter and Jose-Miguel Yamal and Emily B Hollister},
  title = {Leveraging sequence-based faecal microbial community survey data to identify a composite biomarker for colorectal cancer},
  journal = {Gut}
}

@article{Zeller2014,
  doi = {10.15252/msb.20145645},
  url = {https://doi.org/10.15252/msb.20145645},
  year  = {2014},
  month = {nov},
  publisher = {{EMBO}},
  volume = {10},
  number = {11},
  pages = {766--766},
  author = {G. Zeller and J. Tap and A. Y. Voigt and S. Sunagawa and J. R. Kultima and P. I. Costea and A. Amiot and J. Bohm and F. Brunetti and N. Habermann and R. Hercog and M. Koch and A. Luciani and D. R. Mende and M. A. Schneider and P. Schrotz-King and C. Tournigand and J. Tran Van Nhieu and T. Yamada and J. Zimmermann and V. Benes and M. Kloor and C. M. Ulrich and M. von Knebel Doeberitz and I. Sobhani and P. Bork},
  title = {Potential of fecal microbiota for early-stage detection of colorectal cancer},
  journal = {Molecular Systems Biology}
}

@article{Baxter2016,
  doi = {10.1186/s13073-016-0290-3},
  url = {https://doi.org/10.1186/s13073-016-0290-3},
  year  = {2016},
  month = {apr},
  publisher = {Springer Nature},
  volume = {8},
  number = {1},
  author = {Nielson T. Baxter and Mack T. Ruffin and Mary A. M. Rogers and Patrick D. Schloss},
  title = {Microbiota-based model improves the sensitivity of fecal immunochemical test for detecting colonic lesions},
  journal = {Genome Medicine}
}

@article{Louis2016,
  doi = {10.1111/1462-2920.13589},
  url = {https://doi.org/10.1111/1462-2920.13589},
  year  = {2016},
  month = {dec},
  publisher = {Wiley},
  volume = {19},
  number = {1},
  pages = {29--41},
  author = {Petra Louis and Harry J. Flint},
  title = {Formation of propionate and butyrate by the human colonic microbiota},
  journal = {Environmental Microbiology}
}

@article{Kostic2011,
  doi = {10.1101/gr.126573.111},
  url = {https://doi.org/10.1101/gr.126573.111},
  year  = {2011},
  month = {oct},
  publisher = {Cold Spring Harbor Laboratory},
  volume = {22},
  number = {2},
  pages = {292--298},
  author = {A. D. Kostic and D. Gevers and C. S. Pedamallu and M. Michaud and F. Duke and A. M. Earl and A. I. Ojesina and J. Jung and A. J. Bass and J. Tabernero and J. Baselga and C. Liu and R. A. Shivdasani and S. Ogino and B. W. Birren and C. Huttenhower and W. S. Garrett and M. Meyerson},
  title = {Genomic analysis identifies association of Fusobacterium with colorectal carcinoma},
  journal = {Genome Research}
}


@article{Zackular2015,
  doi = {10.1128/msphere.00001-15},
  url = {https://doi.org/10.1128/msphere.00001-15},
  year  = {2015},
  month = {nov},
  publisher = {American Society for Microbiology},
  volume = {1},
  number = {1},
  pages = {e00001--15},
  author = {Joseph P. Zackular and Nielson T. Baxter and Grace Y. Chen and Patrick D. Schloss},
  editor = {Susannah Green Tringe},
  title = {Manipulation of the Gut Microbiota Reveals Role in Colon Tumorigenesis},
  journal = {{mSphere}}
}

@article{Baxter2014,
  doi = {10.1186/2049-2618-2-20},
  url = {https://doi.org/10.1186/2049-2618-2-20},
  year  = {2014},
  publisher = {Springer Nature},
  volume = {2},
  number = {1},
  pages = {20},
  author = {Nielson T Baxter and Joseph P Zackular and Grace Y Chen and Patrick D Schloss},
  title = {Structure of the gut microbiome following colonization with human feces determines colonic tumor burden},
  journal = {Microbiome}
}

@article{Zackular2013,
  doi = {10.1128/mbio.00692-13},
  url = {https://doi.org/10.1128/mbio.00692-13},
  year  = {2013},
  month = {nov},
  publisher = {American Society for Microbiology},
  volume = {4},
  number = {6},
  pages = {e00692--13--e00692--13},
  author = {J. P. Zackular and N. T. Baxter and K. D. Iverson and W. D. Sadler and J. F. Petrosino and G. Y. Chen and P. D. Schloss},
  title = {The Gut Microbiome Modulates Colon Tumorigenesis},
  journal = {{mBio}}
}

@article{Siegel2016,
  doi = {10.3322/caac.21332},
  url = {https://doi.org/10.3322/caac.21332},
  year  = {2016},
  month = {jan},
  publisher = {American Cancer Society},
  volume = {66},
  number = {1},
  pages = {7--30},
  author = {Rebecca L. Siegel and Kimberly D. Miller and Ahmedin Jemal},
  title = {Cancer statistics,  2016},
  journal = {{CA}: A Cancer Journal for Clinicians}
}

@article{Haggar2009,
  doi = {10.1055/s-0029-1242458},
  url = {https://doi.org/10.1055/s-0029-1242458},
  year  = {2009},
  month = {nov},
  publisher = {Georg Thieme Verlag {KG}},
  volume = {22},
  number = {04},
  pages = {191--197},
  author = {Fatima Haggar and Robin Boushey},
  title = {Colorectal Cancer Epidemiology: Incidence,  Mortality,  Survival,  and Risk Factors},
  journal = {Clinics in Colon and Rectal Surgery}
}

@article{Lichtenstein2000,
  doi = {10.1056/nejm200007133430201},
  url = {https://doi.org/10.1056/nejm200007133430201},
  year  = {2000},
  month = {jul},
  publisher = {New England Journal of Medicine ({NEJM}/{MMS})},
  volume = {343},
  number = {2},
  pages = {78--85},
  author = {Paul Lichtenstein and Niels V. Holm and Pia K. Verkasalo and Anastasia Iliadou and Jaakko Kaprio and Markku Koskenvuo and Eero Pukkala and Axel Skytthe and Kari Hemminki},
  title = {Environmental and Heritable Factors in the Causation of Cancer {\textemdash} Analyses of Cohorts of Twins from Sweden,  Denmark,  and Finland},
  journal = {New England Journal of Medicine}
}

